@MASTERSTHESIS{
	AlteracaoModeloComercializacao,
	AUTHOR = "Edimilson Ferreira da Silva",
	TITLE = "Principais Condicionantes das alterações no modelo de comercialização ",
	SCHOOL = "Escola Politécnica da Universidade de São Paulo",
	YEAR = "2008",
}
@MISC{
	MatrizEnergetica,
	AUTHOR = "Empresa de Pesquisa Energética",
	TITLE = "Matriz Energética e Elétrica",
	HOWPUBLISHED = "http://www.epe.gov.br/pt/abcdenergia/matriz-energetica-e-eletrica",
  	YEAR = "2018",
  	NOTE = "(Acesso em 26 Janeiro 2019)",
}
@MISC{
	SIN,
	AUTHOR = "ONS",
	TITLE = "Operador Nacional do Sistema Elétrico",
	HOWPUBLISHED = "http://ons.org.br/paginas/sobre-o-sin/o-que-e-o-sin",
	YEAR = "2019",
	NOTE = "(Acesso em 27 Janeiro 2019)",
}
@MISC{
	CCEE_RAZAO_SER,
	AUTHOR = "CCEE",
	TITLE = "Câmara de Comercialização de Energia Elétrica,
	HOWPUBLISHED = "https://www.ccee.org.br/",
	YEAR = "2019",
	NOTE = "(Acesso em 31 Janeiro 2019)",
}
@MISC{
	CCEE_COM_QUEM_SE_RELACIONA,
	AUTHOR = "CCEE",
	TITLE = "Com quem se relaciona",
	HOWPUBLISHED = "https://www.ccee.org.br/portal/faces/pages\_publico/onde-atuamos/com\_quem\_se\_relaciona",
	YEAR = "2019",
	NOTE = "(Acesso em 31 Janeiro 2019)",
}
@MISC{
	EPE_O_QUE_FAZEMOS,
	AUTHOR = "EPE",
	TITLE = "O que fazemos",
	HOWPUBLISHED = "http://www.epe.gov.br/pt/a-epe/o-que-fazemos",
	YEAR = "2019",
	NOTE = "(Acesso em 31 Janeiro 2019)",
}
@MISC{
	CCEE_PRECO_PLD,
	AUTHOR = "CCEE",
	TITLE = "Preço Médio da CCEE",
	HOWPUBLISHED = "https://www.ccee.org.br/portal/faces/pages\_publico/o-que-fazemos/como\_ccee\_atua/precos/precos\_medios",
	YEAR = "2019",
	NOTE = "(Acesso em 4 de Fevereiro de 2019)",
}
@MISC{
	CCEE_PLD_ANEXO,
	AUTHOR = "CCEE",
	TITLE = "Preço de Liquidação das Diferenças\_Anexo\_1.0\_formatado - CCEE",
	HOWPUBLISHED = "www.ccee.org.br/ccee/documentos/ccee\_059061",
	YEAR = "2019",
	NOTE = "(Acesso em 10 de Fevereiro de 2019)",
}
@MISC{
	CCEE_VISAO_GERAL,
	AUTHOR = "CCEE",
	TITLE = "Visão Geral das Operações CCEE",
	HOWPUBLISHED = "http://www.ufjf.br/andre\_marcato/files/2010/06/Visao\_Geral\_das\_Operacoes\_CCEE\_2010.pdf",
	YEAR = "2010",
	NOTE = "(Acesso em 24 de Fevereiro de 2019)",
}
@MISC{
	CCEE_METODOLOGIA_PRECOS,
	AUTHOR = "CCEE",
	TITLE = "Metodologia de Preços",
	HOWPUBLISHED = "https://www.ccee.org.br/portal/faces/pages\_publico/o-que-fazemos/como\_ccee\_atua/precos/metodologia\_de\_precos?",
	YEAR = "2019",
	NOTE = "(Acesso em 25 de Fevereiro de 2019)",
}
@MISC{
	CRISE_2014,
	AUTHOR = "Energia Inteligente UFJF",
	TITLE = "Especial: A crise energética brasileira",
	HOWPUBLISHED = "http://energiainteligenteufjf.com/especial/especial-a-crise-energetica-brasileira/",
	YEAR = "2019",
	NOTE = "(Acesso em 26 Fevereiro 2019)",
}
@MISC{
	MANUAIS,
	AUTHOR = "CEPEL",
	TITLE = "Documentação Técnica das metodologias e modelos de otimização energética do CEPEL",
	HOWPUBLISHED = "http://www.cepel.br/sala-de-imprensa/noticias/menu/noticias/documentacao-tecnica-das-metodologias-e-modelos-de-otimizacao-energetica-do-cepel.htm",
	YEAR = "2019",
	NOTE = "(Acesso em 26 Fevereiro 2019)",
}
@MISC{
	RES_NORMA_482,
	AUTHOR = "ANEEL",
	TITLE = "Resolução normativa nº 482, de 17 de abrid de 2012",
	HOWPUBLISHED = "http://www2.aneel.gov.br/cedoc/ren2012482.pdf",
	YEAR = "2019",
	NOTE = "(Acesso em 26 Fevereiro 2019)",
}
@PHDTHESIS{
	EvolucaoSetorEletrico,
	AUTHOR = "Bruno Gonçalves Da Silva",
	TITLE = "Evolução do setor elétrico brasileiro no contexto econômico nacional: Uma análise histórica e econométrica de longo prazo",
	SCHOOL = "Universidade de São Paulo -
	Programa de pós-graduação em energia EP-FEA-IEE-IF",
	YEAR = "2011",
}
@PHDTHESIS{
	PrevisaoMultiPassos,
	AUTHOR = "José Carlos Reston Filho",
	TITLE = "Previsão multi-passo a frente do preço de energia elétrica de curto prazo no mercado brasileiro",
	SCHOOL = "Universidade Federal do Pará - Instituto de Tecnologia, programa de pós-graduação em engenharia elétrica",
	YEAR = "2014"
}
@MISC{
	PrevisaoPrecoFuturoACL,
	AUTHOR = "Mateus Alves Cavaliere",
	TITLE = "Previsão de preços futuros de energia eleétrica no ambiente de contratação livre - uma abordagem de equilíbrio de mercado sob incertezas",
	SCHOOL = "Universidade Federal do Rio de Janeiro",
	YEAR = "2017",
}
@MISC{
	SmartGrid,
	AUTHOR = "Eduardo Pacheco Bueno Muniz Barretto",
	TITLE = "Smart grid: Eficiência energética e a geração distribuida a partir das redes inteligentes",
	SCHOOL = "Universidade Federal do Rio de Janeiro",
	YEAR = "2018",
}
@MISC{
	TCC_PLD,
	AUTHOR = "Alan Patrik Souza Silva",
	TITLE = "Previsão do preço de liquidação das diferenças por meio de redes neurais artificiais",
	SCHOOL = "Univeridade Federal de Ouro Preto",
	YEAR = "2018",
}
@ARTICLE{
	PRECO_SPOT,
	AUTHOR = "Nivalde José de Castro and André Luis da Silva Leite",
	TITLE = "Preço spot de eletricidade: teoria e evidências do caso brasileiro",
	JOURNAL = "IV Encontro de Enconomia Catarinense, 2010, Criciúma",
	YEAR = "2010",
}
@MISC{
	birthNY,
	AUTHOR = "Newton (1988)",
	TITLE = "Monthly New York City births: unknown scale. Jan 1946 ? Dec 1959",
	HOWPUBLISHED = "https://datamarket.com/data/set/22nv/monthly-new-york-city-births-unknown-scale-jan-1946-dec-1959\#!ds=22nv\&display=line",
	YEAR = "1988",
	NOTE = "(Acesso em 9 de Abril 2019)",
}
@MISC{
	shampooSales,
	AUTHOR = "Makridakis, Wheelwright and Hyndman",
	TITLE = "Sales of shampoo over a three year period",
	HOWPUBLISHED = "https://datamarket.com/data/set/22r0/sales-of-shampoo-over-a-three-year-period\#!ds=22r0\&display=line",
	YEAR = "1998",
	NOTE = "(Acesso em 9 de Abril 2019)",
}
@BOOK{
	sTemp,
	TITLE="Análise de Séries Temporais",
	AUTHOR="Ricardo Sandes Ehlers",
	YEAR={2009}
}
@BOOK{
	apostilaCaloba,
	TITLE="Introdução ao Uso de Redes Neurais na Modelagem de
	Sistemas Dinâmicos e Séries Temporais.",
	AUTHOR="Luiz Pereira Calôba",
	HOWPUBLISHED="XIV Congresso Brasileiro de Automática, Natal",
	YEAR={2002},
}
@BOOK{
	introSP,
	TITLE="Introduction to Signal Processing",
	AUTHOR="Sophocle J. Orfanidis",
	HOWPUBLISHED="https://www.ece.rutgers.edu/~orfanidi/intro2sp/",
	YEAR={2002},
}
@MISC{
	tccDanilo,
	AUTHOR = "Danilo Filippo Reiszel Pereira",
	TITLE = "Aprendizado de máquina e aprendizado profundo para apoio à decisão no mercado financeiro",
	SCHOOL = "Univeridade Federal de do Rio de Janeiro",
	YEAR = "2018",
}

@MISC{
	neuronio,
	TITLE = "O que é neurônio?",
	AUTHOR = "Brasil Escola",
	HOWPUBLISHED = "https://brasilescola.uol.com.br/o-que-e/biologia/o-que-e-neuronio.htm",
	YEAR= "2019"
	
}

@MISC{
	neuronio_artificial,
	TITLE = "Redes Neurais Artificiais",
	AUTHOR = "Anderson Vinicius",
	HOWPUBLISHED = "https://medium.com/@avinicius.adorno/redes-neurais-artificiais-418a34ea1a39",
	YEAR= "2017"
}

@MISC{
	funcoes_ativacao,
	TITLE = "Redes Neurais Artificiais",
	AUTHOR = "Sagar Sharma",
	HOWPUBLISHED = "https://towardsdatascience.com/activation-functions-neural-networks-1cbd9f8d91d6",
	YEAR= "2017"
}

@MISC{
	tanh,
	TITLE = "tanh-activation-function",
	AUTHOR = "Saugat Bhattarai",
	HOWPUBLISHED = "https://saugatbhattarai.com.np/what-is-activation-functions-in-neural-network-nn/logistic-sigmoid-unipolar-tanh-bipolar/",
	YEAR= "2018"
}

@MISC{
	relu,
	TITLE = "ReLU : Not a Differentiable Function: Why used in Gradient Based Optimization? and Other Generalizations of ReLU.",
	AUTHOR = "Kanchan Sarkar",
	HOWPUBLISHED = "https://medium.com/@kanchansarkar/relu-not-a-differentiable-function-why-used-in-gradient-based-optimization-7fef3a4cece",
	YEAR= "2018"
}

@MISC{
	grad_desc,
	TITLE = "Gradient Descent Algorithm and Its Variants",
	AUTHOR = "Imad Dabbura",
	HOWPUBLISHED = "https://towardsdatascience.com/gradient-descent-algorithm-and-its-variants-10f652806a3",
	YEAR= "2017"
}

@MISC{
	mlp,
	TITLE = "Rede Neural Perceptron Multicamadas",
	AUTHOR = "Sandro Moreira",
	HOWPUBLISHED = "https://medium.com/ensina-ai/rede-neural-perceptron-multicamadas-f9de8471f1a9",
	YEAR= "2018"
}

@book{
	ivan_nunes,
	title   = {Redes neurais artificiais para engenharia e ciências aplicadas},
	author = {Silva, Ivan Nunes da and Spatti, Danilo Hernane and Flauzino, Rogério Andrade},
	year = {2010},
	publisher = {Artliber Editora}
}

@MISC{
	validacao_cruzada,
	TITLE = "Bias vs. Variância (Parte 2) ",
	AUTHOR = "
	Eric Couto ",
	HOWPUBLISHED = "https://ericcouto.wordpress.com/2013/07/18/bias-vs-variancia-parte-2/",
	YEAR= "2013"
}

@book{
	Gurney,
	author = {Gurney, Kevin},
	title = {An  Introduction to Neural Networks},
	year = {1997},
	isbn = {1857286731},
	publisher = {Taylor \& Francis, Inc.},
	address = {Bristol, PA, USA},
} 

@book{
	Bishop,
	author = {Bishop, Christopher M.},
	title = {Pattern Recognition and Machine Learning (Information Science and Statistics)},
	year = {2006},
	isbn = {0387310738},
	publisher = {Springer-Verlag},
	address = {Berlin, Heidelberg},
} 

@article{
	K_He,
	author    = {Kaiming He and
	Xiangyu Zhang and
	Shaoqing Ren and
	Jian Sun},
	title     = {Delving Deep into Rectifiers: Surpassing Human-Level Performance on
	ImageNet Classification},
	journal   = {CoRR},
	volume    = {abs/1502.01852},
	year      = {2015},
	url       = {http://arxiv.org/abs/1502.01852},
	archivePrefix = {arXiv},
	eprint    = {1502.01852},
	timestamp = {Wed, 17 Apr 2019 17:23:45 +0200},
	biburl    = {https://dblp.org/rec/bib/journals/corr/HeZR015},
	bibsource = {dblp computer science bibliography, https://dblp.org}
}

@INPROCEEDINGS{
	backprop,
	author={ {Hecht-Nielsen}},
	booktitle={International 1989 Joint Conference on Neural Networks},
	title={Theory of the backpropagation neural network},
	year={1989},
	volume={},
	number={},
	pages={593-605 vol.1},
	keywords={biocybernetics;neural nets;neurophysiology;parallel architectures;physiological models;backpropagation neural network;architecture;performance measurement;function approximation;neurophysiological model;mammalian brain;corticocortical learning;cerebral cortex;Cybernetics;Neural networks;Nervous system;Parallel architectures;Biological system modeling},
	doi={10.1109/IJCNN.1989.118638},
	ISSN={},
	month={},
}

@article{
	mlp_atmosfera,
	added-at = {2011-01-24T09:52:55.000+0100},
	author = {Gardner, MW and Dorling, SR},
	biburl = {https://www.bibsonomy.org/bibtex/25bade65c44df9ccc9c07aca504fe3d9c/a.guidali},
	date-added = {2010-05-25 17:01:14 +0200},
	date-modified = {2010-05-25 17:01:14 +0200},
	interhash = {af06a16cc53134ae970625bd736bf9d8},
	intrahash = {5bade65c44df9ccc9c07aca504fe3d9c},
	journal = {Atmospheric Environment},
	keywords = {imported},
	number = {14-15},
	pages = {2627--2636},
	publisher = {Elsevier},
	timestamp = {2011-01-24T09:52:56.000+0100},
	title = {{Artificial neural networks (the multilayer perceptron)---A review of applications in the atmospheric sciences}},
	volume = 32,
	year = 1998
}
@article{
	deep_learning_relu,
	author    = {Abien Fred Agarap},
	title     = {Deep Learning using Rectified Linear Units (ReLU)},
	journal   = {CoRR},
	volume    = {abs/1803.08375},
	year      = {2018},
	url       = {http://arxiv.org/abs/1803.08375},
	archivePrefix = {arXiv},
	eprint    = {1803.08375},
	timestamp = {Mon, 13 Aug 2018 16:47:13 +0200},
	biburl    = {https://dblp.org/rec/bib/journals/corr/abs-1803-08375},
	bibsource = {dblp computer science bibliography, https://dblp.org}
}

@inproceedings{
	relu_recomender,
	author = {Cheng, Heng-Tze and Koc, Levent and Harmsen, Jeremiah and Shaked, Tal and Chandra, Tushar and Aradhye, Hrishi and Anderson, Glen and Corrado, Greg and Chai, Wei and Ispir, Mustafa and Anil, Rohan and Haque, Zakaria and Hong, Lichan and Jain, Vihan and Liu, Xiaobing and Shah, Hemal},
	title = {Wide \& Deep Learning for Recommender Systems},
	booktitle = {Proceedings of the 1st Workshop on Deep Learning for Recommender Systems},
	series = {DLRS 2016},
	year = {2016},
	isbn = {978-1-4503-4795-2},
	location = {Boston, MA, USA},
	pages = {7--10},
	numpages = {4},
	url = {http://doi.acm.org/10.1145/2988450.2988454},
	doi = {10.1145/2988450.2988454},
	acmid = {2988454},
	publisher = {ACM},
	address = {New York, NY, USA},
	keywords = {Recommender Systems, Wide \& Deep Learning},
} 



@article{
	deep_learning_relu2,
	author    = {Yichuan Tang},
	title     = {Deep Learning using Support Vector Machines},
	journal   = {CoRR},
	volume    = {abs/1306.0239},
	year      = {2013},
	url       = {http://arxiv.org/abs/1306.0239},
	archivePrefix = {arXiv},
	eprint    = {1306.0239},
	timestamp = {Mon, 13 Aug 2018 16:49:05 +0200},
	biburl    = {https://dblp.org/rec/bib/journals/corr/Tang13},
	bibsource = {dblp computer science bibliography, https://dblp.org}
}

@ARTICLE {
	mlp_book,
	author = {T. H. Hildebrandt and A. Dingle},
	journal = {Computer},
	title = {Improving C++ Performance Using Temporaries},
	year = {1998},
	volume = {29},
	number = {03},
	issn = {0018-9162},
	pages = {31-41},
	keywords = {},
	doi = {10.1109/2.660188},
	publisher = {IEEE Computer Society},
	address = {Los Alamitos, CA, USA},
	month = {mar}
}

@article{
	deep_learning1,
	title = "Deep learning in neural networks: An overview",
	journal = "Neural Networks",
	volume = "61",
	pages = "85 - 117",
	year = "2015",
	issn = "0893-6080",
	doi = "https://doi.org/10.1016/j.neunet.2014.09.003",
	url = "http://www.sciencedirect.com/science/article/pii/S0893608014002135",
	author = "Jürgen Schmidhuber",
	keywords = "Deep learning, Supervised learning, Unsupervised learning, Reinforcement learning, Evolutionary computation",
	abstract = "In recent years, deep artificial neural networks (including recurrent ones) have won numerous contests in pattern recognition and machine learning. This historical survey compactly summarizes relevant work, much of it from the previous millennium. Shallow and Deep Learners are distinguished by the depth of their credit assignment paths, which are chains of possibly learnable, causal links between actions and effects. I review deep supervised learning (also recapitulating the history of backpropagation), unsupervised learning, reinforcement learning & evolutionary computation, and indirect search for short programs encoding deep and large networks."
}
@article{
	deep_learning_book,

	url = {http://dx.doi.org/10.1561/2000000039},

	year = {2014},

	volume = {7},

	journal = {Foundations and Trends® in Signal Processing},

	title = {Deep Learning: Methods and Applications},

	doi = {10.1561/2000000039},

	issn = {1932-8346},

	number = {3?4},

	pages = {197-387},

	author = {Li Deng and Dong Yu}

},
@Article{
	microsoft_dl,
	author = {Hinton, Geoffrey and Deng, Li and Yu, Dong and Dahl, George and Mohamed, Abdel-rahman and Jaitly, Navdeep and Senior, Andrew and Vanhoucke, Vincent and Nguyen, Patrick and Kingsbury, Brian and Sainath, Tara},
	title = {Deep Neural Networks for Acoustic Modeling in Speech Recognition},
	year = {2012},
	month = {November},
	abstract = {Most current speech recognition systems use hidden Markov models (HMMs) to deal with the temporal variability of speech and Gaussian mixture models (GMMs) to determine how well each state of each HMM fits a frame or a short window of frames of coefficients that represents the acoustic input. An alternative way to evaluate the fit is to use a feed-forward neural network that takes several frames of coefficients as input and produces posterior probabilities over HMM states as output. Deep neural networks (DNNs) that have many hidden layers and are trained using new methods have been shown to outperform GMMs on a variety of speech recognition benchmarks, sometimes by a large margin. This article provides an overview of this progress and represents the shared views of four research groups that have had recent successes in using DNNs for acoustic modeling in speech recognition.},
	url = {https://www.microsoft.com/en-us/research/publication/deep-neural-networks-for-acoustic-modeling-in-speech-recognition/},
	pages = {82-97},
	journal = {IEEE Signal Processing Magazine},
	volume = {29},
	edition = {IEEE Signal Processing Magazine},
}
@article{
	yam,
	title = "A weight initialization method for improving training speed in feedforward neural network",
	journal = "Neurocomputing",
	volume = "30",
	number = "1",
	pages = "219 - 232",
	year = "2000",
	issn = "0925-2312",
	doi = "https://doi.org/10.1016/S0925-2312(99)00127-7",
	url = "http://www.sciencedirect.com/science/article/pii/S0925231299001277",
	author = "Jim Y.F. Yam and Tommy W.S. Chow",
	keywords = "Initial weights determination, Feedforward neural networks, Backpropagation, Linear least squares, Cauchy inequality",
	abstract = "An algorithm for determining the optimal initial weights of feedforward neural networks based on the Cauchy's inequality and a linear algebraic method is developed. The algorithm is computational efficient. The proposed method ensures that the outputs of neurons are in the active region and increases the rate of convergence. With the optimal initial weights determined, the initial error is substantially smaller and the number of iterations required to achieve the error criterion is significantly reduced. Extensive tests were performed to compare the proposed algorithm with other algorithms. In the case of the sunspots prediction, the number of iterations required for the network initialized with the proposed method was only 3.03% of those started with the next best weight initialization algorithm."
}

@article{
	ryanhsiao,
	title = "Partial least-squares algorithm for weights initialization of backpropagation network",
	journal = "Neurocomputing",
	volume = "50",
	pages = "237 - 247",
	year = "2003",
	issn = "0925-2312",
	doi = "https://doi.org/10.1016/S0925-2312(01)00708-1",
	url = "http://www.sciencedirect.com/science/article/pii/S0925231201007081",
	author = "Tzu-Chien Ryan Hsiao and Chii-Wann Lin and Huihua Kenny Chiang",
	keywords = "Weights initialization, Backpropagation network, Partial least-squares, Feedforward neural networks",
	abstract = "This paper proposes a hybrid scheme to set the weights initialization and the optimal number of hidden nodes of the backpropagation network (BPN) by applying the loading weights and factor numbers of the partial least-squares (PLS) algorithm. The joint PLS and BPN method (PLSBPN) starts with a small residual error, modifies the latent weight matrices, and obtains a near-global minimum in the calibration phase. Performances of the BPN, PLS, and PLSBPN were compared for the near infrared spectroscopic analysis of glucose concentrations in aqueous matrices. The results showed that the PLSBPN had the smallest root mean square error. The PLSBPN approach significantly solves some conventional problems of the BPN method by providing the good initial weights, reducing the calibration time, obtaining an optimal solution, and easily determining the number of hidden nodes."
}

@ARTICLE{
	data_overfit,
	author = {{Russo}, Daniel and {Zou}, James},
	title = "{How much does your data exploration overfit? Controlling bias via information usage}",
	journal = {arXiv e-prints},
	keywords = {Statistics - Machine Learning, Computer Science - Machine Learning},
	year = "2015",
	month = "Nov",
	eid = {arXiv:1511.05219},
	pages = {arXiv:1511.05219},
	archivePrefix = {arXiv},
	eprint = {1511.05219},
	primaryClass = {stat.ML},
	adsurl = {https://ui.adsabs.harvard.edu/abs/2015arXiv151105219R},
	adsnote = {Provided by the SAO/NASA Astrophysics Data System}
}

@ARTICLE{
	crossValidation,
	author = {{Arlot}, Sylvain and {Celisse}, Alain},
	title = "{A survey of cross-validation procedures for model selection}",
	journal = {arXiv e-prints},
	keywords = {Mathematics - Statistics Theory, Statistics - Applications, Statistics - Methodology, Statistics - Machine Learning, 62G08, 62G05, 62G09},
	year = "2009",
	month = "Jul",
	eid = {arXiv:0907.4728},
	pages = {arXiv:0907.4728},
	archivePrefix = {arXiv},
	eprint = {0907.4728},
	primaryClass = {math.ST},
	adsurl = {https://ui.adsabs.harvard.edu/abs/2009arXiv0907.4728A},
	adsnote = {Provided by the SAO/NASA Astrophysics Data System}
}



