@MISC{
	MatrizEnergetica,
	AUTHOR = "Empresa de Pesquisa Energética",
	TITLE = "Matriz Energética e Elétrica",
	HOWPUBLISHED = "http://www.epe.gov.br/pt/abcdenergia/matriz-energetica-e-eletrica",
  	YEAR = "2018",
  	NOTE = "(Acesso em 26 Janeiro 2019)",
}
@MISC{
	SIN,
	AUTHOR = "ONS",
	TITLE = "O Sistema Interligado Nacional",
	HOWPUBLISHED = "http://ons.org.br/paginas/sobre-o-sin/o-que-e-o-sin",
	YEAR = "2019",
	NOTE = "(Acesso em 27 Janeiro 2019)",
}
@MISC{
	ONS_O_QUE_E,
	AUTHOR = "ONS",
	TITLE = "O Sistema Interligado Nacional",
	HOWPUBLISHED = "http://ons.org.br/paginas/sobre-o-ons/o-que-e-ons",
	YEAR = "2019",
	NOTE = "(Acesso em 27 Janeiro 2019)",
}

@MISC{
	SIN_MAPAS,
	AUTHOR = "ONS",
	TITLE = "Mapas",
	HOWPUBLISHED = "http://ons.org.br/paginas/sobre-o-sin/mapas",
	YEAR = "2019",
	NOTE = "(Acesso em 27 Janeiro 2019)",
}
@MISC{
	SIN_GOVERNANCIA,
	AUTHOR = "ONS",
	TITLE = "Governança",
	HOWPUBLISHED = "http://ons.org.br/paginas/sobre-o-ons/governanca/assembleia-geral",
	YEAR = "2019",
	NOTE = "(Acesso em 27 Janeiro 2019)",
}
@MISC{
	CCEE_RAZAO_SER,
	AUTHOR = "CCEE",
	TITLE = "A CCE",
	HOWPUBLISHED = "https://www.ccee.org.br/portal/faces/pages\_publico/quem-somos/razao-de-ser",
	YEAR = "2019",
	NOTE = "(Acesso em 31 Janeiro 2019)",
}
@MISC{
	CCEE_COM_QUEM_SE_RELACIONA,
	AUTHOR = "CCEE",
	TITLE = "Com quem se relaciona",
	HOWPUBLISHED = "https://bit.ly/2DKYD3r",
	YEAR = "2019",
	NOTE = "(Acesso em 31 Janeiro 2019)",
}
@MISC{
	EPE_O_QUE_FAZEMOS,
	AUTHOR = "EPE",
	TITLE = "O que fazemos",
	HOWPUBLISHED = "http://www.epe.gov.br/pt/a-epe/o-que-fazemos",
	YEAR = "2019",
	NOTE = "(Acesso em 31 Janeiro 2019)",
}
@MISC{
	CCEE_PRECO_PLD,
	AUTHOR = "CCEE",
	TITLE = "Preço Médio da CCEE",
	HOWPUBLISHED = "https://www.ccee.org.br/portal/faces/pages\_publico/o-que-fazemos/como_ccee_atua/precos/precos\_medios",
	YEAR = "2019",
	NOTE = "(Acesso em 4 de Fevereiro de 2019)",
}
@MISC{
	CCEE_PLD_ANEXO,
	AUTHOR = "CCEE",
	TITLE = "Preço de Liquidação das Diferenças_Anexo\_1.0\_formatado - CCEE",
	HOWPUBLISHED = "www.ccee.org.br/ccee/documentos/ccee\_059061",
	YEAR = "2019",
	NOTE = "(Acesso em 10 de Fevereiro de 2019)"
}
@PHDTHESIS{
	EvolucaoSetorEletrico,
	AUTHOR = "Bruno Gonçalves Da Silva",
	TITLE = "Evolução do setor elétrico brasileiro no contexto econômico nacional: Uma análise histórica e econométrica de longo prazo",
	SCHOOL = "Universidade de São Paulo -
	Programa de pós-graduação em energia EP-FEA-IEE-IF",
	YEAR = "2011",
}
@PHDTHESIS{
	PrevisaoMultiPassos,
	AUTHOR = "José Carlos Reston Filho",
	TITLE = "Previsão multi-passo a frente do preço de energia elétrica de curto prazo no mercado brasileiro",
	SCHOOL = "Universidade Federal do Pará - Instituto de Tecnologia, programa de pós-graduação em engenharia elétrica",
	YEAR = "2014"
}
@MASTERSTHESIS{
	AlteracaoModeloComercializacao,
	AUTHOR = "Edimilson Ferreira da Silva",
	TITLE = "Principais Condicionantes das alterações no modelo de comercialização ",
	SCHOOL = "Escola Politécnica da Universidade de São Paulo",
	YEAR = "2008",
}
@MISC{
	PrevizaoPrecoFuturoACL,
	AUTHOR = "Mateus Alves Cavaliere",
	TITLE = "PREVISÃO DE PREÇOS FUTUROS DE ENERGIA ELÉTRICA NO
	AMBIENTE DE CONTRATAÇÃO LIVRE ? UMA ABORDAGEM
	DE EQUILÍBRIO DE MERCADO SOB INCERTEZAS",
	SCHOOL = "Universidade Federal do Rio de Janeiro",
	YEAR = "2017",
}
@ARTICLE{
	PRECO_SPOT,
	AUTHOR = "Nivalde José de Castro and André Luis da Silva Leite",
	TITLE = "Preço spot de eletricidade: teoria e evidências do caso brasileiro",
	JOURNAL = "IV Encontro de Enconomia Catarinense, 2010, Criciúma",
	YEAR = "2010",
}